
    <record>
        <leader>01208nam a2200289 i 4500</leader>
        <controlfield tag="001">99127156556406421</controlfield>
        <controlfield tag="005">20230516151513.0</controlfield>
        <controlfield tag="008">230516m19821983nju      at   000 0 eng d</controlfield>
        <datafield tag="035" ind1=" " ind2=" ">
            <subfield code="a">(OCoLC)1379207697</subfield>
        </datafield>
        <datafield tag="035" ind1=" " ind2=" ">
            <subfield code="a">(OCoLC)on1379207697</subfield>
        </datafield>
        <datafield tag="040" ind1=" " ind2=" ">
            <subfield code="a">PUL</subfield>
            <subfield code="b">eng</subfield>
            <subfield code="e">rda</subfield>
            <subfield code="c">PUL</subfield>
        </datafield>
        <datafield tag="088" ind1=" " ind2=" ">
            <subfield code="a">PPPL-Trans 121</subfield>
        </datafield>
        <datafield tag="245" ind1="0" ind2="0">
            <subfield code="a">[Princeton University Plasma Physics Laboratory reports]</subfield>
        </datafield>
        <datafield tag="264" ind1=" " ind2="1">
            <subfield code="a">Princeton, N.J. :</subfield>
            <subfield code="b">Princeton University Plasma Physics Laboratory,</subfield>
            <subfield code="c">1982-1983.</subfield>
        </datafield>
        <datafield tag="300" ind1=" " ind2=" ">
            <subfield code="a">3 volumes ;</subfield>
            <subfield code="c">28 cm</subfield>
        </datafield>
        <datafield tag="336" ind1=" " ind2=" ">
            <subfield code="a">text</subfield>
            <subfield code="b">txt</subfield>
            <subfield code="2">rdacontent</subfield>
        </datafield>
        <datafield tag="337" ind1=" " ind2=" ">
            <subfield code="a">unmediated</subfield>
            <subfield code="b">n</subfield>
            <subfield code="2">rdamedia</subfield>
        </datafield>
        <datafield tag="338" ind1=" " ind2=" ">
            <subfield code="a">volume</subfield>
            <subfield code="b">nc</subfield>
            <subfield code="2">rdacarrier</subfield>
        </datafield>
        <datafield tag="504" ind1=" " ind2=" ">
            <subfield code="a">Includes bibliographical references.</subfield>
        </datafield>
        <datafield tag="505" ind1="1" ind2=" ">
            <subfield code="a">Report no.1. Engineering Division first quarterly report -- Report no.2. Electronic and Electrical Engineering Division  quarterly report  -- Report no.3. Electronic and Electrical Engineering Division third quarterly report.</subfield>
        </datafield>
        <datafield tag="500" ind1=" " ind2=" ">
            <subfield code="a">Title divised by cataloger.</subfield>
        </datafield>
        <datafield tag="650" ind1=" " ind2="0">
            <subfield code="a">Tokamaks.</subfield>
        </datafield>
        <datafield tag="650" ind1=" " ind2="0">
            <subfield code="a">Nuclear fusion.</subfield>
        </datafield>
        <datafield tag="650" ind1=" " ind2="0">
            <subfield code="a">Electrical engineering.</subfield>
        </datafield>
        <datafield tag="655" ind1=" " ind2="7">
            <subfield code="a">Technical reports.</subfield>
            <subfield code="2">lcgft</subfield>
        </datafield>
        <datafield tag="710" ind1="2" ind2=" ">
            <subfield code="a">Princeton University.</subfield>
            <subfield code="b">Plasma Physics Laboratory,</subfield>
            <subfield code="e">issuing body.</subfield>
        </datafield>
        <datafield tag="902" ind1=" " ind2=" ">
            <subfield code="a">940007994</subfield>
            <subfield code="w">original</subfield>
            <subfield code="1">20230516144805.0</subfield>
        </datafield>
    </record>