
    <record>
        <leader>01241nam a2200373 i 4500</leader>
        <controlfield tag="001">99127184653806421</controlfield>
        <controlfield tag="005">20230620114703.0</controlfield>
        <controlfield tag="008">230620s1983    njua     t   i000 0 eng d</controlfield>
        <datafield tag="035" ind1=" " ind2=" ">
            <subfield code="a">(OCoLC)1383659472</subfield>
        </datafield>
        <datafield tag="035" ind1=" " ind2=" ">
            <subfield code="a">(OCoLC)on1383659472</subfield>
        </datafield>
        <datafield tag="040" ind1=" " ind2=" ">
            <subfield code="a">PUL</subfield>
            <subfield code="b">eng</subfield>
            <subfield code="e">rda</subfield>
            <subfield code="c">PUL</subfield>
        </datafield>
        <datafield tag="043" ind1=" " ind2=" ">
            <subfield code="a">n-us-nj</subfield>
        </datafield>
        <datafield tag="088" ind1=" " ind2=" ">
            <subfield code="a">PPPL-ID-6</subfield>
        </datafield>
        <datafield tag="090" ind1=" " ind2=" ">
            <subfield code="a">X38365947</subfield>
        </datafield>
        <datafield tag="100" ind1="1" ind2=" ">
            <subfield code="a">Hooke, W.M.,</subfield>
            <subfield code="e">author.</subfield>
        </datafield>
        <datafield tag="245" ind1="0" ind2="0">
            <subfield code="a">Proposal for Interim RF heating experiments on PLT, utilizing existing equipment.</subfield>
        </datafield>
        <datafield tag="264" ind1=" " ind2="1">
            <subfield code="a">Princeton, N.J. :</subfield>
            <subfield code="b">Princeton University Plasma Physics Laboratory,</subfield>
            <subfield code="c">1983</subfield>
        </datafield>
        <datafield tag="300" ind1=" " ind2=" ">
            <subfield code="a">30 pages :</subfield>
            <subfield code="b">illustrations ;</subfield>
            <subfield code="c">28 cm</subfield>
        </datafield>
        <datafield tag="336" ind1=" " ind2=" ">
            <subfield code="a">text</subfield>
            <subfield code="b">txt</subfield>
            <subfield code="2">rdacontent</subfield>
        </datafield>
        <datafield tag="337" ind1=" " ind2=" ">
            <subfield code="a">unmediated</subfield>
            <subfield code="b">n</subfield>
            <subfield code="2">rdamedia</subfield>
        </datafield>
        <datafield tag="338" ind1=" " ind2=" ">
            <subfield code="a">volume</subfield>
            <subfield code="b">nc</subfield>
            <subfield code="2">rdacarrier</subfield>
        </datafield>
        <datafield tag="650" ind1=" " ind2="0">
            <subfield code="a">Fusion reactors.</subfield>
        </datafield>
        <datafield tag="650" ind1=" " ind2="0">
            <subfield code="a">Tokamaks.</subfield>
        </datafield>
        <datafield tag="650" ind1=" " ind2="0">
            <subfield code="a">Controlled fusion.</subfield>
        </datafield>
        <datafield tag="650" ind1=" " ind2="0">
            <subfield code="a">Ions.</subfield>
        </datafield>
        <datafield tag="650" ind1=" " ind2="0">
            <subfield code="a">Heat.</subfield>
        </datafield>
        <datafield tag="655" ind1=" " ind2="7">
            <subfield code="a">Technical reports.</subfield>
            <subfield code="2">lcgft</subfield>
        </datafield>
        <datafield tag="700" ind1="1" ind2=" ">
            <subfield code="a">Perkins, F. W.,</subfield>
            <subfield code="e">author.</subfield>
        </datafield>
        <datafield tag="700" ind1="1" ind2=" ">
            <subfield code="a">Stix, Thomas Howard,</subfield>
            <subfield code="e">author.</subfield>
        </datafield>
        <datafield tag="700" ind1="1" ind2=" ">
            <subfield code="a">Takahashi, H.</subfield>
            <subfield code="q">(Hironori),</subfield>
            <subfield code="e">author.</subfield>
        </datafield>
        <datafield tag="700" ind1="1" ind2=" ">
            <subfield code="a">Deitz, A.,</subfield>
            <subfield code="e">author.</subfield>
        </datafield>
        <datafield tag="700" ind1="1" ind2=" ">
            <subfield code="a">Lawson, J.Q.,</subfield>
            <subfield code="e">author.</subfield>
        </datafield>
        <datafield tag="710" ind1="2" ind2=" ">
            <subfield code="a">Princeton University.</subfield>
            <subfield code="b">Plasma Physics Laboratory,</subfield>
            <subfield code="e">issuing body.</subfield>
        </datafield>
        <datafield tag="902" ind1=" " ind2=" ">
            <subfield code="a">940007994</subfield>
            <subfield code="w">original</subfield>
            <subfield code="1">20230620113700.0</subfield>
        </datafield>
    </record>