
    <record>
        <leader>01073nam a2200289 i 4500</leader>
        <controlfield tag="001">99128091158506421</controlfield>
        <controlfield tag="005">20230808124841.0</controlfield>
        <controlfield tag="008">230808s1968    njua     b    000 0 eng d</controlfield>
        <datafield tag="035" ind1=" " ind2=" ">
            <subfield code="a">(OCoLC)1393109067</subfield>
        </datafield>
        <datafield tag="035" ind1=" " ind2=" ">
            <subfield code="a">(OCoLC)on1393109067</subfield>
        </datafield>
        <datafield tag="040" ind1=" " ind2=" ">
            <subfield code="a">PUL</subfield>
            <subfield code="b">eng</subfield>
            <subfield code="e">rda</subfield>
            <subfield code="c">PUL</subfield>
        </datafield>
        <datafield tag="088" ind1=" " ind2=" ">
            <subfield code="a">MATT-BIB-00</subfield>
        </datafield>
        <datafield tag="090" ind1=" " ind2=" ">
            <subfield code="a">X1285850</subfield>
        </datafield>
        <datafield tag="245" ind1="0" ind2="1">
            <subfield code="a">Annotated bibliography of books on plasma physics and controlled thermonuclear research.</subfield>
        </datafield>
        <datafield tag="264" ind1=" " ind2="1">
            <subfield code="a">Princeton, N.J. :</subfield>
            <subfield code="b">Princeton University Plasma Physics Laboratory,</subfield>
            <subfield code="c">1968.</subfield>
        </datafield>
        <datafield tag="300" ind1=" " ind2=" ">
            <subfield code="a">26 pages :</subfield>
            <subfield code="b">illustrations ;</subfield>
            <subfield code="c">28 cm</subfield>
        </datafield>
        <datafield tag="336" ind1=" " ind2=" ">
            <subfield code="a">text</subfield>
            <subfield code="b">txt</subfield>
            <subfield code="2">rdacontent</subfield>
        </datafield>
        <datafield tag="337" ind1=" " ind2=" ">
            <subfield code="a">unmediated</subfield>
            <subfield code="b">n</subfield>
            <subfield code="2">rdamedia</subfield>
        </datafield>
        <datafield tag="338" ind1=" " ind2=" ">
            <subfield code="a">volume</subfield>
            <subfield code="b">nc</subfield>
            <subfield code="2">rdacarrier</subfield>
        </datafield>
        <datafield tag="504" ind1=" " ind2=" ">
            <subfield code="a">Includes bibliographical references.</subfield>
        </datafield>
        <datafield tag="525" ind1=" " ind2=" ">
            <subfield code="a">Supplement issues: 1. (October, 1965 - October, 1966); 2. (October 1966 - December, 1967).</subfield>
        </datafield>
        <datafield tag="650" ind1=" " ind2="0">
            <subfield code="a">Research.</subfield>
        </datafield>
        <datafield tag="650" ind1=" " ind2="0">
            <subfield code="a">Tokamaks.</subfield>
        </datafield>
        <datafield tag="650" ind1=" " ind2="0">
            <subfield code="a">Nuclear reactors.</subfield>
        </datafield>
        <datafield tag="650" ind1=" " ind2="0">
            <subfield code="a">Fusion reactors.</subfield>
        </datafield>
        <datafield tag="710" ind1="2" ind2=" ">
            <subfield code="a">Princeton University.</subfield>
            <subfield code="b">Plasma Physics Laboratory,</subfield>
            <subfield code="e">issuing body.</subfield>
        </datafield>
        <datafield tag="902" ind1=" " ind2=" ">
            <subfield code="a">940007994</subfield>
            <subfield code="w">original</subfield>
            <subfield code="1">20230808122923.0</subfield>
        </datafield>
    </record>
</collection>